<record xmlns="http://www.loc.gov/MARC21/slim">
   <leader>01151cam a2200301Ii 45 0</leader>
   <controlfield tag="001">6813556</controlfield>
   <controlfield tag="003">OCoLC</controlfield>
   <controlfield tag="005">20150325181831.0</controlfield>
   <controlfield tag="008">150226t20152015oncae    b    001 0 eng d</controlfield>
   <datafield ind1=" " ind2=" " tag="020">
      <subfield code="a">9781508438106</subfield>
   </datafield>
   <datafield ind1=" " ind2=" " tag="020">
      <subfield code="a">1508438102</subfield>
   </datafield>
   <datafield ind1=" " ind2=" " tag="040">
      <subfield code="a">ABB</subfield>
      <subfield code="b">eng</subfield>
      <subfield code="e">rda</subfield>
      <subfield code="c">ABB</subfield>
      <subfield code="d">OCLCO</subfield>
      <subfield code="d">KSU</subfield>
      <subfield code="d">AEGMCT</subfield>
   </datafield>
   <datafield ind1=" " ind2="4" tag="050">
      <subfield code="a">PN2091.M3</subfield>
      <subfield code="b">B595 2015</subfield>
   </datafield>
   <datafield ind1=" " ind2=" " tag="090">
      <subfield code="a">PN2091 .M3 B595 2015</subfield>
      <subfield code="b">AEGMCT</subfield>
   </datafield>
   <datafield ind1="1" ind2=" " tag="100">
      <subfield code="a">Boychuk, Rick,</subfield>
      <subfield code="d">1953-</subfield>
      <subfield code="e">author.</subfield>
   </datafield>
   <datafield ind1="1" ind2="0" tag="245">
      <subfield code="a">Nobody looks up :</subfield>
      <subfield code="b">the history of counterweight rigging system, 1500-1925 /</subfield>
      <subfield code="c">R.W. (Rick) Boychuk.</subfield>
   </datafield>
   <datafield ind1="3" ind2="0" tag="246">
      <subfield code="a">History of counterweight rigging system, 1500-1925</subfield>
   </datafield>
   <datafield ind1=" " ind2="1" tag="264">
      <subfield code="a">Toronto, Ontario, Canada :</subfield>
      <subfield code="b">Grid Well Press,</subfield>
      <subfield code="c">[2015]</subfield>
   </datafield>
   <datafield ind1=" " ind2="4" tag="264">
      <subfield code="c">©2015</subfield>
   </datafield>
   <datafield ind1=" " ind2=" " tag="300">
      <subfield code="a">205, xxiii pages, 8 unnumbered pages :</subfield>
      <subfield code="b">illustrations, plans ;</subfield>
      <subfield code="c">28 cm</subfield>
   </datafield>
   <datafield ind1=" " ind2=" " tag="336">
      <subfield code="a">text</subfield>
      <subfield code="b">txt</subfield>
      <subfield code="2">rdacontent</subfield>
   </datafield>
   <datafield ind1=" " ind2=" " tag="336">
      <subfield code="a">still image</subfield>
      <subfield code="b">sti</subfield>
      <subfield code="2">rdacontent</subfield>
   </datafield>
   <datafield ind1=" " ind2=" " tag="337">
      <subfield code="a">unmediated</subfield>
      <subfield code="b">n</subfield>
      <subfield code="2">rdamedia</subfield>
   </datafield>
   <datafield ind1=" " ind2=" " tag="338">
      <subfield code="a">volume</subfield>
      <subfield code="b">nc</subfield>
      <subfield code="2">rdacarrier</subfield>
   </datafield>
   <datafield ind1=" " ind2=" " tag="504">
      <subfield code="a">Includes bibliographical references and index.</subfield>
   </datafield>
   <datafield ind1=" " ind2=" " tag="596">
      <subfield code="a">56</subfield>
   </datafield>
   <datafield ind1=" " ind2="0" tag="650">
      <subfield code="a">Stage machinery</subfield>
      <subfield code="x">History.</subfield>
   </datafield>
   <datafield ind1=" " ind2=" " tag="926">
      <subfield code="a">PN2091 .M3 B595 2015</subfield>
      <subfield code="w">LC</subfield>
      <subfield code="c">1</subfield>
      <subfield code="i">1007819210</subfield>
      <subfield code="d">4/1/2015</subfield>
      <subfield code="l">ON_SHELF</subfield>
      <subfield code="m">GR_MAC_CAC</subfield>
      <subfield code="p">$43.91</subfield>
      <subfield code="r">Y</subfield>
      <subfield code="s">Y</subfield>
      <subfield code="t">BOOK</subfield>
      <subfield code="u">3/24/2015</subfield>
   </datafield>
</record>
